
@book{oed,
  title = {Oxford {{English Dictionary}}},
  author = {{OUP}},
  publisher = {{Oxford University Press}},
  location = {{Oxford}},
  url = {https://www.oed.com/},
  urldate = {2022-03-24}
}


